@article{Hackenberger_2019, 
title={Bayes or not Bayes, is this the question?}, 
volume={60}, 
DOI={10.3325/cmj.2019.60.50}, 
number={1}, 
journal={Croatian Medical Journal}, 
author={K. Hackenberger, Branimir}, 
year={2019}, 
pages={50–52}
}

@misc{Kozyrkov_2023, 
title={Statistics: Are you bayesian or frequentist?}, 
url={https://towardsdatascience.com/statistics-are-you-bayesian-or-frequentist-4943f953f21b}, 
journal={Medium}, 
publisher={Towards Data Science}, 
author={Kozyrkov, Cassie}, 
year={2023}, 
month={Apr}
}

@article{Fornacon_etal_2022, 
title={Understanding the differences between Bayesian and frequentist statistics}, 
volume={112}, 
DOI={10.1016/j.ijrobp.2021.12.011}, 
number={5}, 
journal={International Journal of Radiation Oncology*Biology*Physics}, 
author={Fornacon-Wood, Isabella and Mistry, Hitesh and Johnson-Hart, Corinne and Faivre-Finn, Corinne and O’Connor, James P.B. and Price, Gareth J.}, 
year={2022}, 
pages={1076–1082}
} 

@misc{bayes_vs_frequentist,
title = {Foundations of Statistics - Frequentist and Bayesian},
author = {Parker, Mary},
url = {https://www.austincc.edu/mparker/stat/nov04/talk_nov04.pdf}
}