@dataset{gaiadr3_syntphot,
       author = {{Gaia Collaboration}},
        title = "{VizieR Online Data Catalog: Gaia DR3 Part 6. Performance verification (Gaia Collaboration, 2022)}",
 howpublished = {VizieR On-line Data Catalog: I/360.  Originally published in: Astron. Astrophys., in prep. (2022)},
         year = 2022,
        month = may,
          eid = {I/360},
       adsurl = {https://ui.adsabs.harvard.edu/abs/2022yCat.1360....0G},
      adsnote = {Provided by the SAO/NASA Astrophysics Data System}
}

@ARTICLE{gaiadr3,
       author = {{Gaia Collaboration} and {Vallenari}, A. and {Brown}, A.~G.~A. and {Prusti}, T. and {de Bruijne}, J.~H.~J. and {Arenou}, F. and {Babusiaux}, C. and {Biermann}, M. and {Creevey}, O.~L. and {Ducourant}, C. and {Evans}, D.~W. and {Eyer}, L. and {Guerra}, R. and {Hutton}, A. and {Jordi}, C. and {Klioner}, S.~A. and {Lammers}, U.~L. and {Lindegren}, L. and {Luri}, X. and {Mignard}, F. and {Panem}, C. and {Pourbaix}, D. and {Randich}, S. and {Sartoretti}, P. and {Soubiran}, C. and {Tanga}, P. and {Walton}, N.~A. and {Bailer-Jones}, C.~A.~L. and {Bastian}, U. and {Drimmel}, R. and {Jansen}, F. and {Katz}, D. and {Lattanzi}, M.~G. and {van Leeuwen}, F. and {Bakker}, J. and {Cacciari}, C. and {Casta{\~n}eda}, J. and {De Angeli}, F. and {Fabricius}, C. and {Fouesneau}, M. and {Fr{\'e}mat}, Y. and {Galluccio}, L. and {Guerrier}, A. and {Heiter}, U. and {Masana}, E. and {Messineo}, R. and {Mowlavi}, N. and {Nicolas}, C. and {Nienartowicz}, K. and {Pailler}, F. and {Panuzzo}, P. and {Riclet}, F. and {Roux}, W. and {Seabroke}, G.~M. and {Sordo}, R. and {Th{\'e}venin}, F. and {Gracia-Abril}, G. and {Portell}, J. and {Teyssier}, D. and {Altmann}, M. and {Andrae}, R. and {Audard}, M. and {Bellas-Velidis}, I. and {Benson}, K. and {Berthier}, J. and {Blomme}, R. and {Burgess}, P.~W. and {Busonero}, D. and {Busso}, G. and {C{\'a}novas}, H. and {Carry}, B. and {Cellino}, A. and {Cheek}, N. and {Clementini}, G. and {Damerdji}, Y. and {Davidson}, M. and {de Teodoro}, P. and {Nu{\~n}ez Campos}, M. and {Delchambre}, L. and {Dell'Oro}, A. and {Esquej}, P. and {Fern{\'a}ndez-Hern{\'a}ndez}, J. and {Fraile}, E. and {Garabato}, D. and {Garc{\'\i}a-Lario}, P. and {Gosset}, E. and {Haigron}, R. and {Halbwachs}, J. -L. and {Hambly}, N.~C. and {Harrison}, D.~L. and {Hern{\'a}ndez}, J. and {Hestroffer}, D. and {Hodgkin}, S.~T. and {Holl}, B. and {Jan{\ss}en}, K. and {Jevardat de Fombelle}, G. and {Jordan}, S. and {Krone-Martins}, A. and {Lanzafame}, A.~C. and {L{\"o}ffler}, W. and {Marchal}, O. and {Marrese}, P.~M. and {Moitinho}, A. and {Muinonen}, K. and {Osborne}, P. and {Pancino}, E. and {Pauwels}, T. and {Recio-Blanco}, A. and {Reyl{\'e}}, C. and {Riello}, M. and {Rimoldini}, L. and {Roegiers}, T. and {Rybizki}, J. and {Sarro}, L.~M. and {Siopis}, C. and {Smith}, M. and {Sozzetti}, A. and {Utrilla}, E. and {van Leeuwen}, M. and {Abbas}, U. and {{\'A}brah{\'a}m}, P. and {Abreu Aramburu}, A. and {Aerts}, C. and {Aguado}, J.~J. and {Ajaj}, M. and {Aldea-Montero}, F. and {Altavilla}, G. and {{\'A}lvarez}, M.~A. and {Alves}, J. and {Anders}, F. and {Anderson}, R.~I. and {Anglada Varela}, E. and {Antoja}, T. and {Baines}, D. and {Baker}, S.~G. and {Balaguer-N{\'u}{\~n}ez}, L. and {Balbinot}, E. and {Balog}, Z. and {Barache}, C. and {Barbato}, D. and {Barros}, M. and {Barstow}, M.~A. and {Bartolom{\'e}}, S. and {Bassilana}, J. -L. and {Bauchet}, N. and {Becciani}, U. and {Bellazzini}, M. and {Berihuete}, A. and {Bernet}, M. and {Bertone}, S. and {Bianchi}, L. and {Binnenfeld}, A. and {Blanco-Cuaresma}, S. and {Blazere}, A. and {Boch}, T. and {Bombrun}, A. and {Bossini}, D. and {Bouquillon}, S. and {Bragaglia}, A. and {Bramante}, L. and {Breedt}, E. and {Bressan}, A. and {Brouillet}, N. and {Brugaletta}, E. and {Bucciarelli}, B. and {Burlacu}, A. and {Butkevich}, A.~G. and {Buzzi}, R. and {Caffau}, E. and {Cancelliere}, R. and {Cantat-Gaudin}, T. and {Carballo}, R. and {Carlucci}, T. and {Carnerero}, M.~I. and {Carrasco}, J.~M. and {Casamiquela}, L. and {Castellani}, M. and {Castro-Ginard}, A. and {Chaoul}, L. and {Charlot}, P. and {Chemin}, L. and {Chiaramida}, V. and {Chiavassa}, A. and {Chornay}, N. and {Comoretto}, G. and {Contursi}, G. and {Cooper}, W.~J. and {Cornez}, T. and {Cowell}, S. and {Crifo}, F. and {Cropper}, M. and {Crosta}, M. and {Crowley}, C. and {Dafonte}, C. and {Dapergolas}, A. and {David}, M. and {David}, P. and {de Laverny}, P. and {De Luise}, F. and {De March}, R. and {De Ridder}, J. and {de Souza}, R. and {de Torres}, A. and {del Peloso}, E.~F. and {del Pozo}, E. and {Delbo}, M. and {Delgado}, A. and {Delisle}, J. -B. and {Demouchy}, C. and {Dharmawardena}, T.~E. and {Di Matteo}, P. and {Diakite}, S. and {Diener}, C. and {Distefano}, E. and {Dolding}, C. and {Edvardsson}, B. and {Enke}, H. and {Fabre}, C. and {Fabrizio}, M. and {Faigler}, S. and {Fedorets}, G. and {Fernique}, P. and {Fienga}, A. and {Figueras}, F. and {Fournier}, Y. and {Fouron}, C. and {Fragkoudi}, F. and {Gai}, M. and {Garcia-Gutierrez}, A. and {Garcia-Reinaldos}, M. and {Garc{\'\i}a-Torres}, M. and {Garofalo}, A. and {Gavel}, A. and {Gavras}, P. and {Gerlach}, E. and {Geyer}, R. and {Giacobbe}, P. and {Gilmore}, G. and {Girona}, S. and {Giuffrida}, G. and {Gomel}, R. and {Gomez}, A. and {Gonz{\'a}lez-N{\'u}{\~n}ez}, J. and {Gonz{\'a}lez-Santamar{\'\i}a}, I. and {Gonz{\'a}lez-Vidal}, J.~J. and {Granvik}, M. and {Guillout}, P. and {Guiraud}, J. and {Guti{\'e}rrez-S{\'a}nchez}, R. and {Guy}, L.~P. and {Hatzidimitriou}, D. and {Hauser}, M. and {Haywood}, M. and {Helmer}, A. and {Helmi}, A. and {Sarmiento}, M.~H. and {Hidalgo}, S.~L. and {Hilger}, T. and {H{\l}adczuk}, N. and {Hobbs}, D. and {Holland}, G. and {Huckle}, H.~E. and {Jardine}, K. and {Jasniewicz}, G. and {Jean-Antoine Piccolo}, A. and {Jim{\'e}nez-Arranz}, {\'O}. and {Jorissen}, A. and {Juaristi Campillo}, J. and {Julbe}, F. and {Karbevska}, L. and {Kervella}, P. and {Khanna}, S. and {Kontizas}, M. and {Kordopatis}, G. and {Korn}, A.~J. and {K{\'o}sp{\'a}l}, {\'A}. and {Kostrzewa-Rutkowska}, Z. and {Kruszy{\'n}ska}, K. and {Kun}, M. and {Laizeau}, P. and {Lambert}, S. and {Lanza}, A.~F. and {Lasne}, Y. and {Le Campion}, J. -F. and {Lebreton}, Y. and {Lebzelter}, T. and {Leccia}, S. and {Leclerc}, N. and {Lecoeur-Taibi}, I. and {Liao}, S. and {Licata}, E.~L. and {Lindstr{\o}m}, H.~E.~P. and {Lister}, T.~A. and {Livanou}, E. and {Lobel}, A. and {Lorca}, A. and {Loup}, C. and {Madrero Pardo}, P. and {Magdaleno Romeo}, A. and {Managau}, S. and {Mann}, R.~G. and {Manteiga}, M. and {Marchant}, J.~M. and {Marconi}, M. and {Marcos}, J. and {Marcos Santos}, M.~M.~S. and {Mar{\'\i}n Pina}, D. and {Marinoni}, S. and {Marocco}, F. and {Marshall}, D.~J. and {Martin Polo}, L. and {Mart{\'\i}n-Fleitas}, J.~M. and {Marton}, G. and {Mary}, N. and {Masip}, A. and {Massari}, D. and {Mastrobuono-Battisti}, A. and {Mazeh}, T. and {McMillan}, P.~J. and {Messina}, S. and {Michalik}, D. and {Millar}, N.~R. and {Mints}, A. and {Molina}, D. and {Molinaro}, R. and {Moln{\'a}r}, L. and {Monari}, G. and {Mongui{\'o}}, M. and {Montegriffo}, P. and {Montero}, A. and {Mor}, R. and {Mora}, A. and {Morbidelli}, R. and {Morel}, T. and {Morris}, D. and {Muraveva}, T. and {Murphy}, C.~P. and {Musella}, I. and {Nagy}, Z. and {Noval}, L. and {Oca{\~n}a}, F. and {Ogden}, A. and {Ordenovic}, C. and {Osinde}, J.~O. and {Pagani}, C. and {Pagano}, I. and {Palaversa}, L. and {Palicio}, P.~A. and {Pallas-Quintela}, L. and {Panahi}, A. and {Payne-Wardenaar}, S. and {Pe{\~n}alosa Esteller}, X. and {Penttil{\"a}}, A. and {Pichon}, B. and {Piersimoni}, A.~M. and {Pineau}, F. -X. and {Plachy}, E. and {Plum}, G. and {Poggio}, E. and {Pr{\v{s}}a}, A. and {Pulone}, L. and {Racero}, E. and {Ragaini}, S. and {Rainer}, M. and {Raiteri}, C.~M. and {Rambaux}, N. and {Ramos}, P. and {Ramos-Lerate}, M. and {Re Fiorentin}, P. and {Regibo}, S. and {Richards}, P.~J. and {Rios Diaz}, C. and {Ripepi}, V. and {Riva}, A. and {Rix}, H. -W. and {Rixon}, G. and {Robichon}, N. and {Robin}, A.~C. and {Robin}, C. and {Roelens}, M. and {Rogues}, H.~R.~O. and {Rohrbasser}, L. and {Romero-G{\'o}mez}, M. and {Rowell}, N. and {Royer}, F. and {Ruz Mieres}, D. and {Rybicki}, K.~A. and {Sadowski}, G. and {S{\'a}ez N{\'u}{\~n}ez}, A. and {Sagrist{\`a} Sell{\'e}s}, A. and {Sahlmann}, J. and {Salguero}, E. and {Samaras}, N. and {Sanchez Gimenez}, V. and {Sanna}, N. and {Santove{\~n}a}, R. and {Sarasso}, M. and {Schultheis}, M. and {Sciacca}, E. and {Segol}, M. and {Segovia}, J.~C. and {S{\'e}gransan}, D. and {Semeux}, D. and {Shahaf}, S. and {Siddiqui}, H.~I. and {Siebert}, A. and {Siltala}, L. and {Silvelo}, A. and {Slezak}, E. and {Slezak}, I. and {Smart}, R.~L. and {Snaith}, O.~N. and {Solano}, E. and {Solitro}, F. and {Souami}, D. and {Souchay}, J. and {Spagna}, A. and {Spina}, L. and {Spoto}, F. and {Steele}, I.~A. and {Steidelm{\"u}ller}, H. and {Stephenson}, C.~A. and {S{\"u}veges}, M. and {Surdej}, J. and {Szabados}, L. and {Szegedi-Elek}, E. and {Taris}, F. and {Taylor}, M.~B. and {Teixeira}, R. and {Tolomei}, L. and {Tonello}, N. and {Torra}, F. and {Torra}, J. and {Torralba Elipe}, G. and {Trabucchi}, M. and {Tsounis}, A.~T. and {Turon}, C. and {Ulla}, A. and {Unger}, N. and {Vaillant}, M.~V. and {van Dillen}, E. and {van Reeven}, W. and {Vanel}, O. and {Vecchiato}, A. and {Viala}, Y. and {Vicente}, D. and {Voutsinas}, S. and {Weiler}, M. and {Wevers}, T. and {Wyrzykowski}, {\L}. and {Yoldas}, A. and {Yvard}, P. and {Zhao}, H. and {Zorec}, J. and {Zucker}, S. and {Zwitter}, T.},
        title = "{Gaia Data Release 3. Summary of the content and survey properties}",
      journal = {\aap},
     keywords = {techniques: photometric, techniques: spectroscopic, techniques: radial velocities, catalogs, astrometry, parallaxes, Astrophysics - Astrophysics of Galaxies},
         year = 2023,
        month = jun,
       volume = {674},
          eid = {A1},
        pages = {A1},
          doi = {10.1051/0004-6361/202243940},
archivePrefix = {arXiv},
       eprint = {2208.00211},
 primaryClass = {astro-ph.GA},
       adsurl = {https://ui.adsabs.harvard.edu/abs/2023A&A...674A...1G},
      adsnote = {Provided by the SAO/NASA Astrophysics Data System}
}

@ARTICLE{rees1988,
       author = {{Rees}, Martin J.},
        title = "{Tidal disruption of stars by black holes of {}10$^{6}$-{}10$^{8}$ solar masses in nearby galaxies}",
      journal = {\nat},
     keywords = {Active Galactic Nuclei, Black Holes (Astronomy), Stellar Mass, Quasars, Red Shift, Star Distribution, Stellar Flares, Tides, Astrophysics},
         year = 1988,
        month = jun,
       volume = {333},
       number = {6173},
        pages = {523-528},
          doi = {10.1038/333523a0},
       adsurl = {https://ui.adsabs.harvard.edu/abs/1988Natur.333..523R},
      adsnote = {Provided by the SAO/NASA Astrophysics Data System}
}

@ARTICLE{gezari2021,
       author = {{Gezari}, Suvi},
        title = "{Tidal Disruption Events}",
      journal = {\araa},
     keywords = {Astrophysics - High Energy Astrophysical Phenomena},
         year = 2021,
        month = sep,
       volume = {59},
        pages = {21-58},
          doi = {10.1146/annurev-astro-111720-030029},
archivePrefix = {arXiv},
       eprint = {2104.14580},
 primaryClass = {astro-ph.HE},
       adsurl = {https://ui.adsabs.harvard.edu/abs/2021ARA&A..59...21G},
      adsnote = {Provided by the SAO/NASA Astrophysics Data System}
}

@ARTICLE{hills1975,
       author = {{Hills}, J.~G.},
        title = "{Possible power source of Seyfert galaxies and QSOs}",
      journal = {\nat},
     keywords = {Black Holes (Astronomy), Mass Transfer, Quasars, Seyfert Galaxies, Galactic Nuclei, Gas Flow, Roche Limit, Stellar Mass, Stellar Mass Ejection, Astrophysics},
         year = 1975,
        month = mar,
       volume = {254},
       number = {5498},
        pages = {295-298},
          doi = {10.1038/254295a0},
       adsurl = {https://ui.adsabs.harvard.edu/abs/1975Natur.254..295H},
      adsnote = {Provided by the SAO/NASA Astrophysics Data System}
}

@ARTICLE{donley2002,
       author = {{Donley}, J.~L. and {Brandt}, W.~N. and {Eracleous}, Michael and {Boller}, Th.},
        title = "{Large-Amplitude X-Ray Outbursts from Galactic Nuclei: A Systematic Survey using ROSAT Archival Data}",
      journal = {\aj},
     keywords = {Galaxies: Active, Galaxies: Nuclei, X-Rays, Astrophysics},
         year = 2002,
        month = sep,
       volume = {124},
       number = {3},
        pages = {1308-1321},
          doi = {10.1086/342280},
archivePrefix = {arXiv},
       eprint = {astro-ph/0206291},
 primaryClass = {astro-ph},
       adsurl = {https://ui.adsabs.harvard.edu/abs/2002AJ....124.1308D},
      adsnote = {Provided by the SAO/NASA Astrophysics Data System}
}

@ARTICLE{iPTF,
       author = {{Blagorodnova}, N. and {Gezari}, S. and {Hung}, T. and {Kulkarni}, S.~R. and {Cenko}, S.~B. and {Pasham}, D.~R. and {Yan}, L. and {Arcavi}, I. and {Ben-Ami}, S. and {Bue}, B.~D. and {Cantwell}, T. and {Cao}, Y. and {Castro-Tirado}, A.~J. and {Fender}, R. and {Fremling}, C. and {Gal-Yam}, A. and {Ho}, A.~Y.~Q. and {Horesh}, A. and {Hosseinzadeh}, G. and {Kasliwal}, M.~M. and {Kong}, A.~K.~H. and {Laher}, R.~R. and {Leloudas}, G. and {Lunnan}, R. and {Masci}, F.~J. and {Mooley}, K. and {Neill}, J.~D. and {Nugent}, P. and {Powell}, M. and {Valeev}, A.~F. and {Vreeswijk}, P.~M. and {Walters}, R. and {Wozniak}, P.},
        title = "{iPTF16fnl: A Faint and Fast Tidal Disruption Event in an E+A Galaxy}",
      journal = {\apj},
     keywords = {accretion, accretion disks, black hole physics, galaxies: nuclei, stars: individual: iPTF16fnl, Astrophysics - High Energy Astrophysical Phenomena},
         year = 2017,
        month = jul,
       volume = {844},
       number = {1},
          eid = {46},
        pages = {46},
          doi = {10.3847/1538-4357/aa7579},
archivePrefix = {arXiv},
       eprint = {1703.00965},
 primaryClass = {astro-ph.HE},
       adsurl = {https://ui.adsabs.harvard.edu/abs/2017ApJ...844...46B},
      adsnote = {Provided by the SAO/NASA Astrophysics Data System}
}

@ARTICLE{ZTF,
       author = {{van Velzen}, Sjoert and {Gezari}, Suvi and {Cenko}, S. Bradley and {Kara}, Erin and {Miller-Jones}, James C.~A. and {Hung}, Tiara and {Bright}, Joe and {Roth}, Nathaniel and {Blagorodnova}, Nadejda and {Huppenkothen}, Daniela and {Yan}, Lin and {Ofek}, Eran and {Sollerman}, Jesper and {Frederick}, Sara and {Ward}, Charlotte and {Graham}, Matthew J. and {Fender}, Rob and {Kasliwal}, Mansi M. and {Canella}, Chris and {Stein}, Robert and {Giomi}, Matteo and {Brinnel}, Valery and {van Santen}, Jakob and {Nordin}, Jakob and {Bellm}, Eric C. and {Dekany}, Richard and {Fremling}, Christoffer and {Golkhou}, V. Zach and {Kupfer}, Thomas and {Kulkarni}, Shrinivas R. and {Laher}, Russ R. and {Mahabal}, Ashish and {Masci}, Frank J. and {Miller}, Adam A. and {Neill}, James D. and {Riddle}, Reed and {Rigault}, Mickael and {Rusholme}, Ben and {Soumagnac}, Maayane T. and {Tachibana}, Yutaro},
        title = "{The First Tidal Disruption Flare in ZTF: From Photometric Selection to Multi-wavelength Characterization}",
      journal = {\apj},
     keywords = {accretion, accretion disks, galaxies: nuclei, Astrophysics - High Energy Astrophysical Phenomena, Astrophysics - Astrophysics of Galaxies},
         year = 2019,
        month = feb,
       volume = {872},
       number = {2},
          eid = {198},
        pages = {198},
          doi = {10.3847/1538-4357/aafe0c},
archivePrefix = {arXiv},
       eprint = {1809.02608},
 primaryClass = {astro-ph.HE},
       adsurl = {https://ui.adsabs.harvard.edu/abs/2019ApJ...872..198V},
      adsnote = {Provided by the SAO/NASA Astrophysics Data System}
}

@ARTICLE{asassn15oi,
       author = {{Holoien}, T.~W. -S. and {Kochanek}, C.~S. and {Prieto}, J.~L. and {Grupe}, D. and {Chen}, Ping and {Godoy-Rivera}, D. and {Stanek}, K.~Z. and {Shappee}, B.~J. and {Dong}, Subo and {Brown}, J.~S. and {Basu}, U. and {Beacom}, J.~F. and {Bersier}, D. and {Brimacombe}, J. and {Carlson}, E.~K. and {Falco}, E. and {Johnston}, E. and {Madore}, B.~F. and {Pojmanski}, G. and {Seibert}, M.},
        title = "{ASASSN-15oi: a rapidly evolving, luminous tidal disruption event at 216 Mpc}",
      journal = {\mnras},
     keywords = {accretion, accretion discs, black hole physics, galaxies: nuclei, Astrophysics - High Energy Astrophysical Phenomena},
         year = 2016,
        month = dec,
       volume = {463},
       number = {4},
        pages = {3813-3828},
          doi = {10.1093/mnras/stw2272},
archivePrefix = {arXiv},
       eprint = {1602.01088},
 primaryClass = {astro-ph.HE},
       adsurl = {https://ui.adsabs.harvard.edu/abs/2016MNRAS.463.3813H},
      adsnote = {Provided by the SAO/NASA Astrophysics Data System}
}

@ARTICLE{panstarrstde,
       author = {{Gezari}, S. and {Chornock}, R. and {Rest}, A. and {Huber}, M.~E. and {Forster}, K. and {Berger}, E. and {Challis}, P.~J. and {Neill}, J.~D. and {Martin}, D.~C. and {Heckman}, T. and {Lawrence}, A. and {Norman}, C. and {Narayan}, G. and {Foley}, R.~J. and {Marion}, G.~H. and {Scolnic}, D. and {Chomiuk}, L. and {Soderberg}, A. and {Smith}, K. and {Kirshner}, R.~P. and {Riess}, A.~G. and {Smartt}, S.~J. and {Stubbs}, C.~W. and {Tonry}, J.~L. and {Wood-Vasey}, W.~M. and {Burgett}, W.~S. and {Chambers}, K.~C. and {Grav}, T. and {Heasley}, J.~N. and {Kaiser}, N. and {Kudritzki}, R. -P. and {Magnier}, E.~A. and {Morgan}, J.~S. and {Price}, P.~A.},
        title = "{An ultraviolet-optical flare from the tidal disruption of a helium-rich stellar core}",
      journal = {\nat},
     keywords = {Astrophysics - Cosmology and Extragalactic Astrophysics},
         year = 2012,
        month = may,
       volume = {485},
       number = {7397},
        pages = {217-220},
          doi = {10.1038/nature10990},
archivePrefix = {arXiv},
       eprint = {1205.0252},
 primaryClass = {astro-ph.CO},
       adsurl = {https://ui.adsabs.harvard.edu/abs/2012Natur.485..217G},
      adsnote = {Provided by the SAO/NASA Astrophysics Data System}
}

@ARTICLE{vanVelzen2021,
       author = {{van Velzen}, Sjoert and {Gezari}, Suvi and {Hammerstein}, Erica and {Roth}, Nathaniel and {Frederick}, Sara and {Ward}, Charlotte and {Hung}, Tiara and {Cenko}, S. Bradley and {Stein}, Robert and {Perley}, Daniel A. and {Taggart}, Kirsty and {Foley}, Ryan J. and {Sollerman}, Jesper and {Blagorodnova}, Nadejda and {Andreoni}, Igor and {Bellm}, Eric C. and {Brinnel}, Valery and {De}, Kishalay and {Dekany}, Richard and {Feeney}, Michael and {Fremling}, Christoffer and {Giomi}, Matteo and {Golkhou}, V. Zach and {Graham}, Matthew J. and {Ho}, Anna. Y.~Q. and {Kasliwal}, Mansi M. and {Kilpatrick}, Charles D. and {Kulkarni}, Shrinivas R. and {Kupfer}, Thomas and {Laher}, Russ R. and {Mahabal}, Ashish and {Masci}, Frank J. and {Miller}, Adam A. and {Nordin}, Jakob and {Riddle}, Reed and {Rusholme}, Ben and {van Santen}, Jakob and {Sharma}, Yashvi and {Shupe}, David L. and {Soumagnac}, Maayane T.},
        title = "{Seventeen Tidal Disruption Events from the First Half of ZTF Survey Observations: Entering a New Era of Population Studies}",
      journal = {\apj},
     keywords = {Astrophysical black holes, Tidal disruption, Galaxy nuclei, 98, 1696, 609, Astrophysics - High Energy Astrophysical Phenomena, Astrophysics - Astrophysics of Galaxies},
         year = 2021,
        month = feb,
       volume = {908},
       number = {1},
          eid = {4},
        pages = {4},
          doi = {10.3847/1538-4357/abc258},
archivePrefix = {arXiv},
       eprint = {2001.01409},
 primaryClass = {astro-ph.HE},
       adsurl = {https://ui.adsabs.harvard.edu/abs/2021ApJ...908....4V},
      adsnote = {Provided by the SAO/NASA Astrophysics Data System}
}


@ARTICLE{alexander2020,
       author = {{Alexander}, Kate D. and {van Velzen}, Sjoert and {Horesh}, Assaf and {Zauderer}, B. Ashley},
        title = "{Radio Properties of Tidal Disruption Events}",
      journal = {\ssr},
     keywords = {accretion, accretion disks, black hole physics, galaxies: nuclei, radiation mechanisms: non-thermal, radio continuum: galaxies, relativistic processes, Astrophysics - High Energy Astrophysical Phenomena},
         year = 2020,
        month = jun,
       volume = {216},
       number = {5},
          eid = {81},
        pages = {81},
          doi = {10.1007/s11214-020-00702-w},
archivePrefix = {arXiv},
       eprint = {2006.01159},
 primaryClass = {astro-ph.HE},
       adsurl = {https://ui.adsabs.harvard.edu/abs/2020SSRv..216...81A},
      adsnote = {Provided by the SAO/NASA Astrophysics Data System}
}

@ARTICLE{dfm2013,
       author = {{Foreman-Mackey}, Daniel and {Hogg}, David W. and {Lang}, Dustin and {Goodman}, Jonathan},
        title = "{emcee: The MCMC Hammer}",
      journal = {\pasp},
     keywords = {Astrophysics - Instrumentation and Methods for Astrophysics, Physics - Computational Physics, Statistics - Computation},
         year = 2013,
        month = mar,
       volume = {125},
       number = {925},
        pages = {306},
          doi = {10.1086/670067},
archivePrefix = {arXiv},
       eprint = {1202.3665},
 primaryClass = {astro-ph.IM},
       adsurl = {https://ui.adsabs.harvard.edu/abs/2013PASP..125..306F},
      adsnote = {Provided by the SAO/NASA Astrophysics Data System}
}

@ARTICLE{prospector2021,
       author = {{Johnson}, Benjamin D. and {Leja}, Joel and {Conroy}, Charlie and {Speagle}, Joshua S.},
        title = "{Stellar Population Inference with Prospector}",
      journal = {\apjs},
     keywords = {Galaxy evolution, Spectral energy distribution, Astronomy data modeling, 594, 2129, 1859, Astrophysics - Astrophysics of Galaxies, Astrophysics - Instrumentation and Methods for Astrophysics},
         year = 2021,
        month = jun,
       volume = {254},
       number = {2},
          eid = {22},
        pages = {22},
          doi = {10.3847/1538-4365/abef67},
archivePrefix = {arXiv},
       eprint = {2012.01426},
 primaryClass = {astro-ph.GA},
       adsurl = {https://ui.adsabs.harvard.edu/abs/2021ApJS..254...22J},
      adsnote = {Provided by the SAO/NASA Astrophysics Data System}
}

@ARTICLE{stoughton2002,
       author = {{Stoughton}, Chris and {Lupton}, Robert H. and {Bernardi}, Mariangela and {Blanton}, Michael R. and {Burles}, Scott and {Castander}, Francisco J. and {Connolly}, A.~J. and {Eisenstein}, Daniel J. and {Frieman}, Joshua A. and {Hennessy}, G.~S. and {Hindsley}, Robert B. and {Ivezi{\'c}}, {\v{Z}}eljko and {Kent}, Stephen and {Kunszt}, Peter Z. and {Lee}, Brian C. and {Meiksin}, Avery and {Munn}, Jeffrey A. and {Newberg}, Heidi Jo and {Nichol}, R.~C. and {Nicinski}, Tom and {Pier}, Jeffrey R. and {Richards}, Gordon T. and {Richmond}, Michael W. and {Schlegel}, David J. and {Smith}, J. Allyn and {Strauss}, Michael A. and {SubbaRao}, Mark and {Szalay}, Alexander S. and {Thakar}, Aniruddha R. and {Tucker}, Douglas L. and {Vanden Berk}, Daniel E. and {Yanny}, Brian and {Adelman}, Jennifer K. and {Anderson}, John E., Jr. and {Anderson}, Scott F. and {Annis}, James and {Bahcall}, Neta A. and {Bakken}, J.~A. and {Bartelmann}, Matthias and {Bastian}, Steven and {Bauer}, Amanda and {Berman}, Eileen and {B{\"o}hringer}, Hans and {Boroski}, William N. and {Bracker}, Steve and {Briegel}, Charlie and {Briggs}, John W. and {Brinkmann}, J. and {Brunner}, Robert and {Carey}, Larry and {Carr}, Michael A. and {Chen}, Bing and {Christian}, Damian and {Colestock}, Patrick L. and {Crocker}, J.~H. and {Csabai}, Istv{\'a}n and {Czarapata}, Paul C. and {Dalcanton}, Julianne and {Davidsen}, Arthur F. and {Davis}, John Eric and {Dehnen}, Walter and {Dodelson}, Scott and {Doi}, Mamoru and {Dombeck}, Tom and {Donahue}, Megan and {Ellman}, Nancy and {Elms}, Brian R. and {Evans}, Michael L. and {Eyer}, Laurent and {Fan}, Xiaohui and {Federwitz}, Glenn R. and {Friedman}, Scott and {Fukugita}, Masataka and {Gal}, Roy and {Gillespie}, Bruce and {Glazebrook}, Karl and {Gray}, Jim and {Grebel}, Eva K. and {Greenawalt}, Bruce and {Greene}, Gretchen and {Gunn}, James E. and {de Haas}, Ernst and {Haiman}, Zolt{\'a}n and {Haldeman}, Merle and {Hall}, Patrick B. and {Hamabe}, Masaru and {Hansen}, Brad and {Harris}, Frederick H. and {Harris}, Hugh and {Harvanek}, Michael and {Hawley}, Suzanne L. and {Hayes}, J.~J.~E. and {Heckman}, Timothy M. and {Helmi}, Amina and {Henden}, Arne and {Hogan}, Craig J. and {Hogg}, David W. and {Holmgren}, Donald J. and {Holtzman}, Jon and {Huang}, Chih-Hao and {Hull}, Charles and {Ichikawa}, Shin-Ichi and {Ichikawa}, Takashi and {Johnston}, David E. and {Kauffmann}, Guinevere and {Kim}, Rita S.~J. and {Kimball}, Tim and {Kinney}, E. and {Klaene}, Mark and {Kleinman}, S.~J. and {Klypin}, Anatoly and {Knapp}, G.~R. and {Korienek}, John and {Krolik}, Julian and {Kron}, Richard G. and {Krzesi{\'n}ski}, Jurek and {Lamb}, D.~Q. and {Leger}, R. French and {Limmongkol}, Siriluk and {Lindenmeyer}, Carl and {Long}, Daniel C. and {Loomis}, Craig and {Loveday}, Jon and {MacKinnon}, Bryan and {Mannery}, Edward J. and {Mantsch}, P.~M. and {Margon}, Bruce and {McGehee}, Peregrine and {McKay}, Timothy A. and {McLean}, Brian and {Menou}, Kristen and {Merelli}, Aronne and {Mo}, H.~J. and {Monet}, David G. and {Nakamura}, Osamu and {Narayanan}, Vijay K. and {Nash}, Thomas and {Neilsen}, Eric H., Jr. and {Newman}, Peter R. and {Nitta}, Atsuko and {Odenkirchen}, Michael and {Okada}, Norio and {Okamura}, Sadanori and {Ostriker}, Jeremiah P. and {Owen}, Russell and {Pauls}, A. George and {Peoples}, John and {Peterson}, R.~S. and {Petravick}, Donald and {Pope}, Adrian and {Pordes}, Ruth and {Postman}, Marc and {Prosapio}, Angela and {Quinn}, Thomas R. and {Rechenmacher}, Ron and {Rivetta}, Claudio H. and {Rix}, Hans-Walter and {Rockosi}, Constance M. and {Rosner}, Robert and {Ruthmansdorfer}, Kurt and {Sandford}, Dale and {Schneider}, Donald P. and {Scranton}, Ryan and {Sekiguchi}, Maki and {Sergey}, Gary and {Sheth}, Ravi and {Shimasaku}, Kazuhiro and {Smee}, Stephen and {Snedden}, Stephanie A. and {Stebbins}, Albert and {Stubbs}, Christopher and {Szapudi}, Istv{\'a}n and {Szkody}, Paula and {Szokoly}, Gyula P. and {Tabachnik}, Serge and {Tsvetanov}, Zlatan and {Uomoto}, Alan and {Vogeley}, Michael S. and {Voges}, Wolfgang and {Waddell}, Patrick and {Walterbos}, Ren{\'e} and {Wang}, Shu-i. and {Watanabe}, Masaru and {Weinberg}, David H. and {White}, Richard L. and {White}, Simon D.~M. and {Wilhite}, Brian and {Wolfe}, David and {Yasuda}, Naoki and {York}, Donald G. and {Zehavi}, Idit and {Zheng}, Wei},
        title = "{Sloan Digital Sky Survey: Early Data Release}",
      journal = {\aj},
     keywords = {Atlases, Catalogs, Surveys},
         year = 2002,
        month = jan,
       volume = {123},
       number = {1},
        pages = {485-548},
          doi = {10.1086/324741},
       adsurl = {https://ui.adsabs.harvard.edu/abs/2002AJ....123..485S},
      adsnote = {Provided by the SAO/NASA Astrophysics Data System}
}

@ARTICLE{chambers2016,
       author = {{Chambers}, K.~C. and {Magnier}, E.~A. and {Metcalfe}, N. and {Flewelling}, H.~A. and {Huber}, M.~E. and {Waters}, C.~Z. and {Denneau}, L. and {Draper}, P.~W. and {Farrow}, D. and {Finkbeiner}, D.~P. and {Holmberg}, C. and {Koppenhoefer}, J. and {Price}, P.~A. and {Rest}, A. and {Saglia}, R.~P. and {Schlafly}, E.~F. and {Smartt}, S.~J. and {Sweeney}, W. and {Wainscoat}, R.~J. and {Burgett}, W.~S. and {Chastel}, S. and {Grav}, T. and {Heasley}, J.~N. and {Hodapp}, K.~W. and {Jedicke}, R. and {Kaiser}, N. and {Kudritzki}, R. -P. and {Luppino}, G.~A. and {Lupton}, R.~H. and {Monet}, D.~G. and {Morgan}, J.~S. and {Onaka}, P.~M. and {Shiao}, B. and {Stubbs}, C.~W. and {Tonry}, J.~L. and {White}, R. and {Ba{\~n}ados}, E. and {Bell}, E.~F. and {Bender}, R. and {Bernard}, E.~J. and {Boegner}, M. and {Boffi}, F. and {Botticella}, M.~T. and {Calamida}, A. and {Casertano}, S. and {Chen}, W. -P. and {Chen}, X. and {Cole}, S. and {Deacon}, N. and {Frenk}, C. and {Fitzsimmons}, A. and {Gezari}, S. and {Gibbs}, V. and {Goessl}, C. and {Goggia}, T. and {Gourgue}, R. and {Goldman}, B. and {Grant}, P. and {Grebel}, E.~K. and {Hambly}, N.~C. and {Hasinger}, G. and {Heavens}, A.~F. and {Heckman}, T.~M. and {Henderson}, R. and {Henning}, T. and {Holman}, M. and {Hopp}, U. and {Ip}, W. -H. and {Isani}, S. and {Jackson}, M. and {Keyes}, C.~D. and {Koekemoer}, A.~M. and {Kotak}, R. and {Le}, D. and {Liska}, D. and {Long}, K.~S. and {Lucey}, J.~R. and {Liu}, M. and {Martin}, N.~F. and {Masci}, G. and {McLean}, B. and {Mindel}, E. and {Misra}, P. and {Morganson}, E. and {Murphy}, D.~N.~A. and {Obaika}, A. and {Narayan}, G. and {Nieto-Santisteban}, M.~A. and {Norberg}, P. and {Peacock}, J.~A. and {Pier}, E.~A. and {Postman}, M. and {Primak}, N. and {Rae}, C. and {Rai}, A. and {Riess}, A. and {Riffeser}, A. and {Rix}, H.~W. and {R{\"o}ser}, S. and {Russel}, R. and {Rutz}, L. and {Schilbach}, E. and {Schultz}, A.~S.~B. and {Scolnic}, D. and {Strolger}, L. and {Szalay}, A. and {Seitz}, S. and {Small}, E. and {Smith}, K.~W. and {Soderblom}, D.~R. and {Taylor}, P. and {Thomson}, R. and {Taylor}, A.~N. and {Thakar}, A.~R. and {Thiel}, J. and {Thilker}, D. and {Unger}, D. and {Urata}, Y. and {Valenti}, J. and {Wagner}, J. and {Walder}, T. and {Walter}, F. and {Watters}, S.~P. and {Werner}, S. and {Wood-Vasey}, W.~M. and {Wyse}, R.},
        title = "{The Pan-STARRS1 Surveys}",
      journal = {arXiv e-prints},
     keywords = {Astrophysics - Instrumentation and Methods for Astrophysics, Astrophysics - Earth and Planetary Astrophysics, Astrophysics - Astrophysics of Galaxies, Astrophysics - Solar and Stellar Astrophysics},
         year = 2016,
        month = dec,
          eid = {arXiv:1612.05560},
        pages = {arXiv:1612.05560},
          doi = {10.48550/arXiv.1612.05560},
archivePrefix = {arXiv},
       eprint = {1612.05560},
 primaryClass = {astro-ph.IM},
       adsurl = {https://ui.adsabs.harvard.edu/abs/2016arXiv161205560C},
      adsnote = {Provided by the SAO/NASA Astrophysics Data System}
}

@ARTICLE{dey2019,
       author = {{Dey}, Arjun and {Schlegel}, David J. and {Lang}, Dustin and {Blum}, Robert and {Burleigh}, Kaylan and {Fan}, Xiaohui and {Findlay}, Joseph R. and {Finkbeiner}, Doug and {Herrera}, David and {Juneau}, St{\'e}phanie and {Landriau}, Martin and {Levi}, Michael and {McGreer}, Ian and {Meisner}, Aaron and {Myers}, Adam D. and {Moustakas}, John and {Nugent}, Peter and {Patej}, Anna and {Schlafly}, Edward F. and {Walker}, Alistair R. and {Valdes}, Francisco and {Weaver}, Benjamin A. and {Y{\`e}che}, Christophe and {Zou}, Hu and {Zhou}, Xu and {Abareshi}, Behzad and {Abbott}, T.~M.~C. and {Abolfathi}, Bela and {Aguilera}, C. and {Alam}, Shadab and {Allen}, Lori and {Alvarez}, A. and {Annis}, James and {Ansarinejad}, Behzad and {Aubert}, Marie and {Beechert}, Jacqueline and {Bell}, Eric F. and {BenZvi}, Segev Y. and {Beutler}, Florian and {Bielby}, Richard M. and {Bolton}, Adam S. and {Brice{\~n}o}, C{\'e}sar and {Buckley-Geer}, Elizabeth J. and {Butler}, Karen and {Calamida}, Annalisa and {Carlberg}, Raymond G. and {Carter}, Paul and {Casas}, Ricard and {Castander}, Francisco J. and {Choi}, Yumi and {Comparat}, Johan and {Cukanovaite}, Elena and {Delubac}, Timoth{\'e}e and {DeVries}, Kaitlin and {Dey}, Sharmila and {Dhungana}, Govinda and {Dickinson}, Mark and {Ding}, Zhejie and {Donaldson}, John B. and {Duan}, Yutong and {Duckworth}, Christopher J. and {Eftekharzadeh}, Sarah and {Eisenstein}, Daniel J. and {Etourneau}, Thomas and {Fagrelius}, Parker A. and {Farihi}, Jay and {Fitzpatrick}, Mike and {Font-Ribera}, Andreu and {Fulmer}, Leah and {G{\"a}nsicke}, Boris T. and {Gaztanaga}, Enrique and {George}, Koshy and {Gerdes}, David W. and {Gontcho}, Satya Gontcho A. and {Gorgoni}, Claudio and {Green}, Gregory and {Guy}, Julien and {Harmer}, Diane and {Hernandez}, M. and {Honscheid}, Klaus and {Huang}, Lijuan Wendy and {James}, David J. and {Jannuzi}, Buell T. and {Jiang}, Linhua and {Joyce}, Richard and {Karcher}, Armin and {Karkar}, Sonia and {Kehoe}, Robert and {Kneib}, Jean-Paul and {Kueter-Young}, Andrea and {Lan}, Ting-Wen and {Lauer}, Tod R. and {Le Guillou}, Laurent and {Le Van Suu}, Auguste and {Lee}, Jae Hyeon and {Lesser}, Michael and {Perreault Levasseur}, Laurence and {Li}, Ting S. and {Mann}, Justin L. and {Marshall}, Robert and {Mart{\'\i}nez-V{\'a}zquez}, C.~E. and {Martini}, Paul and {du Mas des Bourboux}, H{\'e}lion and {McManus}, Sean and {Meier}, Tobias Gabriel and {M{\'e}nard}, Brice and {Metcalfe}, Nigel and {Mu{\~n}oz-Guti{\'e}rrez}, Andrea and {Najita}, Joan and {Napier}, Kevin and {Narayan}, Gautham and {Newman}, Jeffrey A. and {Nie}, Jundan and {Nord}, Brian and {Norman}, Dara J. and {Olsen}, Knut A.~G. and {Paat}, Anthony and {Palanque-Delabrouille}, Nathalie and {Peng}, Xiyan and {Poppett}, Claire L. and {Poremba}, Megan R. and {Prakash}, Abhishek and {Rabinowitz}, David and {Raichoor}, Anand and {Rezaie}, Mehdi and {Robertson}, A.~N. and {Roe}, Natalie A. and {Ross}, Ashley J. and {Ross}, Nicholas P. and {Rudnick}, Gregory and {Safonova}, Sasha and {Saha}, Abhijit and {S{\'a}nchez}, F. Javier and {Savary}, Elodie and {Schweiker}, Heidi and {Scott}, Adam and {Seo}, Hee-Jong and {Shan}, Huanyuan and {Silva}, David R. and {Slepian}, Zachary and {Soto}, Christian and {Sprayberry}, David and {Staten}, Ryan and {Stillman}, Coley M. and {Stupak}, Robert J. and {Summers}, David L. and {Sien Tie}, Suk and {Tirado}, H. and {Vargas-Maga{\~n}a}, Mariana and {Vivas}, A. Katherina and {Wechsler}, Risa H. and {Williams}, Doug and {Yang}, Jinyi and {Yang}, Qian and {Yapici}, Tolga and {Zaritsky}, Dennis and {Zenteno}, A. and {Zhang}, Kai and {Zhang}, Tianmeng and {Zhou}, Rongpu and {Zhou}, Zhimin},
        title = "{Overview of the DESI Legacy Imaging Surveys}",
      journal = {\aj},
     keywords = {catalogs, surveys, Astrophysics - Instrumentation and Methods for Astrophysics},
         year = 2019,
        month = may,
       volume = {157},
       number = {5},
          eid = {168},
        pages = {168},
          doi = {10.3847/1538-3881/ab089d},
archivePrefix = {arXiv},
       eprint = {1804.08657},
 primaryClass = {astro-ph.IM},
       adsurl = {https://ui.adsabs.harvard.edu/abs/2019AJ....157..168D},
      adsnote = {Provided by the SAO/NASA Astrophysics Data System}
}

@ARTICLE{wolf2018,
       author = {{Wolf}, Christian and {Onken}, Christopher A. and {Luvaul}, Lance C. and {Schmidt}, Brian P. and {Bessell}, Michael S. and {Chang}, Seo-Won and {Da Costa}, Gary S. and {Mackey}, Dougal and {Martin-Jones}, Tony and {Murphy}, Simon J. and {Preston}, Tim and {Scalzo}, Richard A. and {Shao}, Li and {Smillie}, Jon and {Tisserand}, Patrick and {White}, Marc C. and {Yuan}, Fang},
        title = "{SkyMapper Southern Survey: First Data Release (DR1)}",
      journal = {\pasa},
     keywords = {catalogs, methods: observational, surveys, telescopes, Astrophysics - Instrumentation and Methods for Astrophysics},
         year = 2018,
        month = feb,
       volume = {35},
          eid = {e010},
        pages = {e010},
          doi = {10.1017/pasa.2018.5},
archivePrefix = {arXiv},
       eprint = {1801.07834},
 primaryClass = {astro-ph.IM},
       adsurl = {https://ui.adsabs.harvard.edu/abs/2018PASA...35...10W},
      adsnote = {Provided by the SAO/NASA Astrophysics Data System}
}

@ARTICLE{martin2005,
       author = {{Martin}, D. Christopher and {Fanson}, James and {Schiminovich}, David and {Morrissey}, Patrick and {Friedman}, Peter G. and {Barlow}, Tom A. and {Conrow}, Tim and {Grange}, Robert and {Jelinsky}, Patrick N. and {Milliard}, Bruno and {Siegmund}, Oswald H.~W. and {Bianchi}, Luciana and {Byun}, Yong-Ik and {Donas}, Jose and {Forster}, Karl and {Heckman}, Timothy M. and {Lee}, Young-Wook and {Madore}, Barry F. and {Malina}, Roger F. and {Neff}, Susan G. and {Rich}, R. Michael and {Small}, Todd and {Surber}, Frank and {Szalay}, Alex S. and {Welsh}, Barry and {Wyder}, Ted K.},
        title = "{The Galaxy Evolution Explorer: A Space Ultraviolet Survey Mission}",
      journal = {\apjl},
     keywords = {Galaxies: Evolution, Galaxies: General, Space Vehicles: Instruments, Surveys, Ultraviolet: Galaxies, Ultraviolet: General, Astrophysics},
         year = 2005,
        month = jan,
       volume = {619},
       number = {1},
        pages = {L1-L6},
          doi = {10.1086/426387},
archivePrefix = {arXiv},
       eprint = {astro-ph/0411302},
 primaryClass = {astro-ph},
       adsurl = {https://ui.adsabs.harvard.edu/abs/2005ApJ...619L...1M},
      adsnote = {Provided by the SAO/NASA Astrophysics Data System}
}

@ARTICLE{holoien2020,
       author = {{Holoien}, Thomas W. -S. and {Auchettl}, Katie and {Tucker}, Michael A. and {Shappee}, Benjamin J. and {Patel}, Shannon G. and {Miller-Jones}, James C.~A. and {Mockler}, Brenna and {Groenewald}, Dani{\`e}l N. and {Hinkle}, Jason T. and {Brown}, Jonathan S. and {Kochanek}, Christopher S. and {Stanek}, K.~Z. and {Chen}, Ping and {Dong}, Subo and {Prieto}, Jose L. and {Thompson}, Todd A. and {Beaton}, Rachael L. and {Connor}, Thomas and {Cowperthwaite}, Philip S. and {Dahmen}, Linnea and {French}, K. Decker and {Morrell}, Nidia and {Buckley}, David A.~H. and {Gromadzki}, Mariusz and {Roy}, Rupak and {Coulter}, David A. and {Dimitriadis}, Georgios and {Foley}, Ryan J. and {Kilpatrick}, Charles D. and {Piro}, Anthony L. and {Rojas-Bravo}, C{\'e}sar and {Siebert}, Matthew R. and {van Velzen}, Sjoert},
        title = "{The Rise and Fall of ASASSN-18pg: Following a TDE from Early to Late Times}",
      journal = {\apj},
     keywords = {Black holes, Accretion, Galaxy accretion disks, Black hole physics, Supermassive black holes, Tidal disruption, 162, 14, 562, 159, 1663, 1696, Astrophysics - High Energy Astrophysical Phenomena},
         year = 2020,
        month = aug,
       volume = {898},
       number = {2},
          eid = {161},
        pages = {161},
          doi = {10.3847/1538-4357/ab9f3d},
archivePrefix = {arXiv},
       eprint = {2003.13693},
 primaryClass = {astro-ph.HE},
       adsurl = {https://ui.adsabs.harvard.edu/abs/2020ApJ...898..161H},
      adsnote = {Provided by the SAO/NASA Astrophysics Data System}
}

@ARTICLE{mendel2014,
       author = {{Mendel}, J. Trevor and {Simard}, Luc and {Palmer}, Michael and {Ellison}, Sara L. and {Patton}, David R.},
        title = "{A Catalog of Bulge, Disk, and Total Stellar Mass Estimates for the Sloan Digital Sky Survey}",
      journal = {\apjs},
     keywords = {galaxies: bulges, galaxies: fundamental parameters, galaxies: statistics, galaxies: structure, Astrophysics - Cosmology and Nongalactic Astrophysics},
         year = 2014,
        month = jan,
       volume = {210},
       number = {1},
          eid = {3},
        pages = {3},
          doi = {10.1088/0067-0049/210/1/3},
archivePrefix = {arXiv},
       eprint = {1310.8304},
 primaryClass = {astro-ph.CO},
       adsurl = {https://ui.adsabs.harvard.edu/abs/2014ApJS..210....3M},
      adsnote = {Provided by the SAO/NASA Astrophysics Data System}
}

@ARTICLE{conroy2009,
       author = {{Conroy}, Charlie and {Gunn}, James E. and {White}, Martin},
        title = "{The Propagation of Uncertainties in Stellar Population Synthesis Modeling. I. The Relevance of Uncertain Aspects of Stellar Evolution and the Initial Mass Function to the Derived Physical Properties of Galaxies}",
      journal = {\apj},
     keywords = {galaxies: evolution, galaxies: stellar content, stars: evolution, Astrophysics},
         year = 2009,
        month = jul,
       volume = {699},
       number = {1},
        pages = {486-506},
          doi = {10.1088/0004-637X/699/1/486},
archivePrefix = {arXiv},
       eprint = {0809.4261},
 primaryClass = {astro-ph},
       adsurl = {https://ui.adsabs.harvard.edu/abs/2009ApJ...699..486C},
      adsnote = {Provided by the SAO/NASA Astrophysics Data System}
}

@INPROCEEDINGS{2020sea..confE.182R,
       author = {{Rodrigo}, C. and {Solano}, E.},
        title = "{The SVO Filter Profile Service}",
    booktitle = {XIV.0 Scientific Meeting (virtual) of the Spanish Astronomical Society},
         year = 2020,
        month = jul,
          eid = {182},
        pages = {182},
       adsurl = {https://ui.adsabs.harvard.edu/abs/2020sea..confE.182R},
      adsnote = {Provided by the SAO/NASA Astrophysics Data System}
}

@software{johnson_2021_4582723,
  author       = {Johnson, Benjamin D.},
  title        = {bd-j/sedpy: sedpy v0.2.0},
  month        = mar,
  year         = 2021,
  publisher    = {Zenodo},
  version      = {v0.2.0},
  doi          = {10.5281/zenodo.4582723},
  url          = {https://doi.org/10.5281/zenodo.4582723}
}

@ARTICLE{Newsome2024,
       author = {{Newsome}, Megan and {Arcavi}, Iair and {Howell}, D. Andrew and {McCully}, Curtis and {Terreran}, Giacomo and {Hosseinzadeh}, Griffin and {Bostroem}, K. Azalee and {Dgany}, Yael and {Farah}, Joseph and {Faris}, Sara and {Padilla-Gonzalez}, Estefania and {Pellegrino}, Craig and {Andrews}, Moira},
        title = "{Mapping the Inner 0.1 pc of a Supermassive Black Hole Environment with the Tidal Disruption Event and Extreme Coronal Line Emitter AT 2022upj}",
      journal = {arXiv e-prints},
     keywords = {Astrophysics - High Energy Astrophysical Phenomena, Astrophysics - Astrophysics of Galaxies},
         year = 2024,
        month = jun,
          eid = {arXiv:2406.11972},
        pages = {arXiv:2406.11972},
          doi = {10.48550/arXiv.2406.11972},
archivePrefix = {arXiv},
       eprint = {2406.11972},
 primaryClass = {astro-ph.HE},
       adsurl = {https://ui.adsabs.harvard.edu/abs/2024arXiv240611972N},
      adsnote = {Provided by the SAO/NASA Astrophysics Data System}
}

@ARTICLE{Mockler2019,
       author = {{Mockler}, Brenna and {Guillochon}, James and {Ramirez-Ruiz}, Enrico},
        title = "{Weighing Black Holes Using Tidal Disruption Events}",
      journal = {\apj},
     keywords = {galaxies: active, quasars: supermassive black holes, stars: black holes, Astrophysics - High Energy Astrophysical Phenomena, Astrophysics - Astrophysics of Galaxies},
         year = 2019,
        month = feb,
       volume = {872},
       number = {2},
          eid = {151},
        pages = {151},
          doi = {10.3847/1538-4357/ab010f},
archivePrefix = {arXiv},
       eprint = {1801.08221},
 primaryClass = {astro-ph.HE},
       adsurl = {https://ui.adsabs.harvard.edu/abs/2019ApJ...872..151M},
      adsnote = {Provided by the SAO/NASA Astrophysics Data System}
}

@ARTICLE{at2024wsd_classification,
       author = {{Stein}, R. and {Andreoni}, I. and {Graham}, M. and {Rose}, S. and {Kasliwal}, M. and {Chornock}, R. and {Ravi}, V.},
        title = "{ZTF Transient Classification Report for 2024-10-17}",
      journal = {Transient Name Server Classification Report},
     keywords = {Transient, 2024wsd, AT2024wsd, AT 2024wsd, 2024vip, AT2024vip, AT 2024vip},
         year = 2024,
        month = oct,
       volume = {2024-4047},
        pages = {1},
       adsurl = {https://ui.adsabs.harvard.edu/abs/2024TNSCR4047....1S},
      adsnote = {Provided by the SAO/NASA Astrophysics Data System}
}

@ARTICLE{at2024wsd_discovery,
       author = {{Sollerman}, J. and {Fremling}, C. and {Perley}, D. and {Laz}, T.~D.},
        title = "{ZTF Transient Discovery Report for 2024-09-27}",
      journal = {Transient Name Server Discovery Report},
     keywords = {Transient, 2024wqt, AT2024wqt, AT 2024wqt, ZTF24abjlnjg, 2024wqy, AT2024wqy, AT 2024wqy, ZTF24abihtst, 2024wrg, AT2024wrg, AT 2024wrg, ZTF24abislzy, 2024wro, AT2024wro, AT 2024wro, ZTF24abjrdln, 2024wsd, AT2024wsd, AT 2024wsd, ZTF24abjfuew},
         year = 2024,
        month = sep,
       volume = {2024-3737},
        pages = {1},
       adsurl = {https://ui.adsabs.harvard.edu/abs/2024TNSTR3737....1S},
      adsnote = {Provided by the SAO/NASA Astrophysics Data System}
}

@ARTICLE{lang2010,
   author = {{Lang}, D. and {Hogg}, D.~W. and {Mierle}, K. and {Blanton}, M. and {Roweis}, S.},
    title = "{Astrometry.net: Blind astrometric calibration of arbitrary astronomical images}",
  journal = {\AJ},
  year = 2010,
  volume = {137},
  pages = {1782--2800},
   note = {arXiv:0910.2233},
   adsurl = {http://adsabs.harvard.edu/abs/2009arXiv0910.2233L},
}

@software{photutils,
  author       = {Larry Bradley and
                  Brigitta Sip{\H o}cz and
                  Thomas Robitaille and
                  Erik Tollerud and
                  Z\`e Vin{\'{\i}}cius and
                  Christoph Deil and
                  Kyle Barbary and
                  Tom J Wilson and
                  Ivo Busko and
                  Axel Donath and
                  Hans Moritz G{\"u}nther and
                  Mihai Cara and
                  P. L. Lim and
                  Sebastian Me{\ss}linger and
                  Zach Burnett and
                  Simon Conseil and
                  Michael Droettboom and
                  Azalee Bostroem and
                  E. M. Bray and
                  Lars Andersen Bratholm and
                  William Jamieson and
                  Adam Ginsburg and
                  Geert Barentsen and
                  Matt Craig and
                  Sergio Pascual and
                  Shivangee Rathi and
                  Marshall Perrin and
                  Brett M. Morris and
                  Gabriel Perren},
  title        = {astropy/photutils: 1.13.0},
  month        = jun,
  year         = 2024,
  publisher    = {Zenodo},
  version      = {1.13.0},
  doi          = {10.5281/zenodo.12585239},
  url          = {https://doi.org/10.5281/zenodo.12585239}
}

@misc{ccdproc,
    author       = {Matt Craig and Steve Crawford and Michael Seifert and
                    Thomas Robitaille and Brigitta Sip{\H o}cz and
                    Josh Walawender and Z\`e Vin{\'{\i}}cius and Joe Philip Ninan and Michael Droettboom and Jiyong Youn and
                    Erik Tollerud and Erik Bray and
                    Nathan Walker and VSN Reddy Janga and
                    Connor Stotts and Hans Moritz G{\"u}nther and Evert Rol and
                    Yoonsoo P. Bach and Larry Bradley and Christoph Deil and
                    Adrian Price-Whelan and Kyle Barbary and Anthony Horton and
                    William Schoenell and Nathan Heidt and Forrest Gasdia and
                    Stefan Nelson and Ole Streicher},
    title        = {astropy/ccdproc: v1.3.0.post1},
    month        = dec,
    year         = 2017,
    doi          = {10.5281/zenodo.1069648},
    url          = {https://doi.org/10.5281/zenodo.1069648}
}

@ARTICLE{astropy:2022,
       author = {{Astropy Collaboration} and {Price-Whelan}, Adrian M. and {Lim}, Pey
       Lian and {Earl}, Nicholas and {Starkman}, Nathaniel and {Bradley}, Larry and
       {Shupe}, David L. and {Patil}, Aarya A. and {Corrales}, Lia and {Brasseur}, C.~E.
       and {N{\"o}the}, Maximilian and {Donath}, Axel and {Tollerud}, Erik and {Morris},
       Brett M. and {Ginsburg}, Adam and {Vaher}, Eero and {Weaver}, Benjamin A. and
       {Tocknell}, James and {Jamieson}, William and {van Kerkwijk}, Marten H. and
       {Robitaille}, Thomas P. and {Merry}, Bruce and {Bachetti}, Matteo and
       {G{\"u}nther}, H. Moritz and {Aldcroft}, Thomas L. and {Alvarado-Montes}, Jaime
       A. and {Archibald}, Anne M. and {B{\'o}di}, Attila and {Bapat}, Shreyas and
       {Barentsen}, Geert and {Baz{\'a}n}, Juanjo and {Biswas}, Manish and {Boquien},
       M{\'e}d{\'e}ric and {Burke}, D.~J. and {Cara}, Daria and {Cara}, Mihai and
       {Conroy}, Kyle E. and {Conseil}, Simon and {Craig}, Matthew W. and {Cross},
       Robert M. and {Cruz}, Kelle L. and {D'Eugenio}, Francesco and {Dencheva}, Nadia
       and {Devillepoix}, Hadrien A.~R. and {Dietrich}, J{\"o}rg P. and {Eigenbrot},
       Arthur Davis and {Erben}, Thomas and {Ferreira}, Leonardo and {Foreman-Mackey},
       Daniel and {Fox}, Ryan and {Freij}, Nabil and {Garg}, Suyog and {Geda}, Robel and
       {Glattly}, Lauren and {Gondhalekar}, Yash and {Gordon}, Karl D. and {Grant},
       David and {Greenfield}, Perry and {Groener}, Austen M. and {Guest}, Steve and
       {Gurovich}, Sebastian and {Handberg}, Rasmus and {Hart}, Akeem and
       {Hatfield-Dodds}, Zac and {Homeier}, Derek and {Hosseinzadeh}, Griffin and
       {Jenness}, Tim and {Jones}, Craig K. and {Joseph}, Prajwel and {Kalmbach}, J.
       Bryce and {Karamehmetoglu}, Emir and {Ka{\l}uszy{\'n}ski}, Miko{\l}aj and
       {Kelley}, Michael S.~P. and {Kern}, Nicholas and {Kerzendorf}, Wolfgang E. and
       {Koch}, Eric W. and {Kulumani}, Shankar and {Lee}, Antony and {Ly}, Chun and
       {Ma}, Zhiyuan and {MacBride}, Conor and {Maljaars}, Jakob M. and {Muna}, Demitri
       and {Murphy}, N.~A. and {Norman}, Henrik and {O'Steen}, Richard and {Oman}, Kyle
       A. and {Pacifici}, Camilla and {Pascual}, Sergio and {Pascual-Granado}, J. and
       {Patil}, Rohit R. and {Perren}, Gabriel I. and {Pickering}, Timothy E. and
       {Rastogi}, Tanuj and {Roulston}, Benjamin R. and {Ryan}, Daniel F. and {Rykoff},
       Eli S. and {Sabater}, Jose and {Sakurikar}, Parikshit and {Salgado}, Jes{\'u}s
       and {Sanghi}, Aniket and {Saunders}, Nicholas and {Savchenko}, Volodymyr and
       {Schwardt}, Ludwig and {Seifert-Eckert}, Michael and {Shih}, Albert Y. and
       {Jain}, Anany Shrey and {Shukla}, Gyanendra and {Sick}, Jonathan and {Simpson},
       Chris and {Singanamalla}, Sudheesh and {Singer}, Leo P. and {Singhal}, Jaladh and
       {Sinha}, Manodeep and {Sip{\H{o}}cz}, Brigitta M. and {Spitler}, Lee R. and
       {Stansby}, David and {Streicher}, Ole and {{\v{S}}umak}, Jani and {Swinbank},
       John D. and {Taranu}, Dan S. and {Tewary}, Nikita and {Tremblay}, Grant R. and
       {Val-Borro}, Miguel de and {Van Kooten}, Samuel J. and {Vasovi{\'c}}, Zlatan and
       {Verma}, Shresth and {de Miranda Cardoso}, Jos{\'e} Vin{\'\i}cius and {Williams},
       Peter K.~G. and {Wilson}, Tom J. and {Winkel}, Benjamin and {Wood-Vasey}, W.~M.
       and {Xue}, Rui and {Yoachim}, Peter and {Zhang}, Chen and {Zonca}, Andrea and
       {Astropy Project Contributors}}, title = "{The Astropy Project: Sustaining and
       Growing a Community-oriented Open-source Project and the Latest Major Release
       (v5.0) of the Core Package}",
      journal = {\apj},
     keywords = {Astronomy software, Open source software, Astronomy data analysis, 1855, 1866, 1858, Astrophysics - Instrumentation and Methods for Astrophysics},
         year = 2022,
        month = aug,
       volume = {935},
       number = {2},
          eid = {167},
        pages = {167},
          doi = {10.3847/1538-4357/ac7c74},
archivePrefix = {arXiv},
       eprint = {2206.14220},
 primaryClass = {astro-ph.IM},
       adsurl = {https://ui.adsabs.harvard.edu/abs/2022ApJ...935..167A},
      adsnote = {Provided by the SAO/NASA Astrophysics Data System}
}

@Article{         numpy,
 title         = {Array programming with {NumPy}},
 author        = {Charles R. Harris and K. Jarrod Millman and St{\'{e}}fan J.
                 van der Walt and Ralf Gommers and Pauli Virtanen and David
                 Cournapeau and Eric Wieser and Julian Taylor and Sebastian
                 Berg and Nathaniel J. Smith and Robert Kern and Matti Picus
                 and Stephan Hoyer and Marten H. van Kerkwijk and Matthew
                 Brett and Allan Haldane and Jaime Fern{\'{a}}ndez del
                 R{\'{i}}o and Mark Wiebe and Pearu Peterson and Pierre
                 G{\'{e}}rard-Marchant and Kevin Sheppard and Tyler Reddy and
                 Warren Weckesser and Hameer Abbasi and Christoph Gohlke and
                 Travis E. Oliphant},
 year          = {2020},
 month         = sep,
 journal       = {Nature},
 volume        = {585},
 number        = {7825},
 pages         = {357--362},
 doi           = {10.1038/s41586-020-2649-2},
 publisher     = {Springer Science and Business Media {LLC}},
 url           = {https://doi.org/10.1038/s41586-020-2649-2}
}

@InProceedings{ pandas-ds,
  author    = { {W}es {M}c{K}inney },
  title     = { {D}ata {S}tructures for {S}tatistical {C}omputing in {P}ython },
  booktitle = { {P}roceedings of the 9th {P}ython in {S}cience {C}onference },
  pages     = { 56 - 61 },
  year      = { 2010 },
  editor    = { {S}t\'efan van der {W}alt and {J}arrod {M}illman },
  doi       = { 10.25080/Majora-92bf1922-00a }
}

@software{pandas-zenodo,
    author       = {The pandas development team},
    title        = {pandas-dev/pandas: Pandas},
    month        = feb,
    year         = 2020,
    publisher    = {Zenodo},
    version      = {latest},
    doi          = {10.5281/zenodo.3509134},
    url          = {https://doi.org/10.5281/zenodo.3509134}
}
